@book{Carpenter2016Jun,
    author = {Carpenter, Jeff and Hewitt, Eben},
    title = {{Cassandra: The Definitive Guide}},
    year = {2016},
    month = {Jun},
    isbn = {978-1-4919-3366-4},
    publisher = {O'Reilly Media},
    url = {http://shop.oreilly.com/product/0636920043041.do}
}
